<record><leader>00000cas a2200000 a 4500</leader><controlfield tag="001">4663492</controlfield><controlfield tag="008">790216d19751975aruwr ne      0   a0eng d</controlfield><datafield ind1=" " ind2=" " tag="010"><subfield code="a">sc 79003668 </subfield></datafield><datafield ind1=" " ind2=" " tag="040"><subfield code="a">CLU</subfield><subfield code="b">eng</subfield><subfield code="c">CLU</subfield><subfield code="d">UCU</subfield><subfield code="d">DLC</subfield><subfield code="d">OCL</subfield><subfield code="d">NSD</subfield><subfield code="d">DLC</subfield><subfield code="d">ANU</subfield><subfield code="d">DLC</subfield><subfield code="d">OCLCQ</subfield><subfield code="d">OCLCF</subfield><subfield code="d">OCLCO</subfield><subfield code="d">OCL</subfield><subfield code="d">OCLCA</subfield></datafield><datafield ind1=" " ind2=" " tag="012"><subfield code="a">2</subfield><subfield code="b">3</subfield></datafield><datafield ind1="1" ind2=" " tag="022"><subfield code="a">0273-060X</subfield><subfield code="l">0273-060X</subfield><subfield code="2">1</subfield></datafield><datafield ind1=" " ind2=" " tag="042"><subfield code="a">msc</subfield><subfield code="a">nsdp</subfield></datafield><datafield ind1=" " ind2=" " tag="043"><subfield code="a">n-us-ar</subfield></datafield><datafield ind1=" " ind2="4" tag="050"><subfield code="a">DS559.63</subfield><subfield code="b">.H369</subfield></datafield><datafield ind1="0" ind2=" " tag="130"><subfield code="a">Helping hand (Fort Chaffee, Ark.)</subfield></datafield><datafield ind1=" " ind2="0" tag="222"><subfield code="a">Helping Land</subfield><subfield code="b">(Ft. Chaffee)</subfield></datafield><datafield ind1="1" ind2="0" tag="245"><subfield code="a">Helping hand.</subfield></datafield><datafield ind1=" " ind2=" " tag="260"><subfield code="a">Ft. Chaffee, Ark. :</subfield><subfield code="b">50th Public Information Detachment</subfield></datafield><datafield ind1=" " ind2=" " tag="300"><subfield code="a">v. :</subfield><subfield code="b">ill.</subfield></datafield><datafield ind1=" " ind2=" " tag="310"><subfield code="a">Weekly</subfield></datafield><datafield ind1="1" ind2=" " tag="362"><subfield code="a">Began in 1975?</subfield></datafield><datafield ind1="0" ind2=" " tag="362"><subfield code="a">-v. 1, no. 51 (Dec. 19, 1975).</subfield></datafield><datafield ind1=" " ind2=" " tag="588"><subfield code="a">Description based on: May 2, 1975.</subfield></datafield><datafield ind1=" " ind2="0" tag="650"><subfield code="a">Vietnamese newspapers</subfield><subfield code="z">Arkansas.</subfield></datafield><datafield ind1=" " ind2="0" tag="650"><subfield code="a">Refugees</subfield><subfield code="z">Arkansas</subfield><subfield code="v">Newspapers.</subfield></datafield><datafield ind1=" " ind2="7" tag="650"><subfield code="a">Refugees.</subfield><subfield code="2">fast</subfield><subfield code="0">(OCoLC)fst01092797</subfield></datafield><datafield ind1=" " ind2="7" tag="650"><subfield code="a">Vietnamese newspapers.</subfield><subfield code="2">fast</subfield><subfield code="0">(OCoLC)fst01166876</subfield></datafield><datafield ind1=" " ind2="7" tag="651"><subfield code="a">Arkansas.</subfield><subfield code="2">fast</subfield><subfield code="0">(OCoLC)fst01204809</subfield></datafield><datafield ind1=" " ind2="7" tag="655"><subfield code="a">Newspapers.</subfield><subfield code="2">fast</subfield><subfield code="0">(OCoLC)fst01423814</subfield></datafield><datafield ind1=" " ind2=" " tag="752"><subfield code="a">United States</subfield><subfield code="b">Arkansas</subfield><subfield code="c">Sebastian</subfield><subfield code="d">Fort Chaffee.</subfield></datafield><datafield ind1="1" ind2=" " tag="029"><subfield code="a">AU@</subfield><subfield code="b">000025736723</subfield></datafield></record>